<collection xmlns="http://www.loc.gov/MARC21/slim">
<record>
  <leader>00447na 0a22001211i 450 </leader>
  <controlfield tag="001">IT\ICCU\CNCE\070131</controlfield>
  <controlfield tag="005">20080327000000.0</controlfield>
  <datafield tag="100" ind1=" " ind2=" ">
    <subfield code="a">20070330             0itac0103    ba</subfield>
  </datafield>
  <datafield tag="101" ind1=" " ind2=" ">
    <subfield code="a">LAT</subfield>
  </datafield>
  <datafield tag="200" ind1="1" ind2=" ">
    <subfield code="a">Antiqua et recentiora nomina piscium marinorum, locustrium, et fluviatilium, quae in Iouii commentariis continentur</subfield>
  </datafield>
  <datafield tag="700" ind1=" " ind2="1">
    <subfield code="a">Giovio,</subfield>
    <subfield code="b">Paolo</subfield>
    <subfield code="3">IT\ICCU\CNCA\002231</subfield>
  </datafield>
  <datafield tag="790" ind1=" " ind2="1">
    <subfield code="a">Iouius,</subfield>
    <subfield code="b">Paulus</subfield>
    <subfield code="3">IT\ICCU\CNCA\020274</subfield>
    <subfield code="z">Giovio, Paolo</subfield>
  </datafield>
  <datafield tag="801" ind1=" " ind2="3">
    <subfield code="a">IT</subfield>
    <subfield code="b">ICCU</subfield>
    <subfield code="c">20201115</subfield>
  </datafield>
</record>
</collection>
